@book{griffiths1995_book_qm,
title={Introduction to quantum mechanics},
author={Griffiths, David J},
year={2016},
publisher={Cambridge University Press}
}
@book{shankar2012_book_qm,
title={Principles of quantum mechanics},
author={Shankar, Ramamurti},
year={2012},
publisher={Springer Science \& Business Media}
}
@book{sakurai2014_book_qm,
title={Modern quantum mechanics},
author={Sakurai, Jun John and Napolitano, Jim J},
year={2014},
publisher={Pearson Higher Ed}
}
# ---- DFT overview ----
@article{capelle2006_dft,
title={A bird's-eye view of density-functional theory},
author={Capelle, Klaus},
journal={Brazilian Journal of Physics},
volume={36},
number={4A},
pages={1318--1343},
year={2006},
publisher={SciELO Brasil}
}
