@book{hwang2012multiple,
  title={Multiple objective decision makingâ€”methods and applications: a state-of-the-art survey},
  author={Hwang, C-L and Masud, Abu Syed Md},
  volume={164},
  year={2012},
  publisher={Springer Science \& Business Media}
}
