% QUANTUM MECHANICS, REFERENCES
@book{shankar2012_qm,
  title={Principles of quantum mechanics},
  author={Shankar, Ramamurti},
  year={2012},
  edition={2},
  address={New York}
  publisher={Plenum Press}
}
@book{sakuri1994_qm,
  title={Modern quantum mechanics},
  author={Sakuri, Jun J.},
  editor={Tuan, San Fu},
  edition={Revised}
  address={Boston},
  publisher={Addison-Wesley}
}
% Born Oppenheimer Approximation
@article{born1927_bo,
  title={Zur quantentheorie der molekeln},
  author={Born, Max and Oppenheimer, Robert},
  journal={Annalen der Physik},
  volume={389},
  number={20},
  pages={457--484},
  year={1927},
  doi={10.1002/andp.19273892002}
}
@incollection{born2000_bo_en,
  options={useauthor=True,usetranslator=True},
  title={On the quantum theory of molecules},
  author={Born, Max and Oppenheimer, Robert},
  translator={Hettema, Hinne},
  booktitle={Quantum Chemistry: Classic Scientific Papers},
  pages={1--24},
  year={2000},
  address={Singapore},
  publisher={World Scientific},
  doi = {10.1142/9789812795762_0001}
}
@article{tully2000_bo,
  author={Tully, John C.},
  title={Perspective on "Zur Quantentheorie der Molekeln"},
  journal={Theoretical Chemistry Accounts},
  volume={103},
  number={3-4},
  pages={173-176},
  year={2000},
  doi={10.1007/s002149900049}
}
% BLOCH WAVES
@book{kittel1996_solidstate,
  author={Kittel,Charles},
  title={Introduction to Solid State Physics},
  address={New York}
  publisher={Wiley}
  year={1996}
}
@book{ashcroft1977_solidstate,
  author={Ashcroft, Neil W. and Mermin, N. David},
  title={Solid State Physics},
  address={Orlando},
  publisher={Harcourt}
}
% DFT - textbooks
@book{parr1989_dft,
  title={Density-Functional Theory of Atoms and Molecules},
  author={Parr, Robert G and Yang, Weitao},
  year={1989},
  address={New York}
  publisher={Oxford University Press}
}
@book{sholl2011_dft,
  title={Density functional theory: a practical introduction},
  author={Sholl, David and Steckel, Janice A},
  year={2011},
  address={New York},
  publisher={John Wiley \& Sons}
}

% DFT - Hohenberg and Kohn Theorem
@article{hohenberg1964_dft,
  title={Inhomogeneous electron gas},
  author={Hohenberg, Pierre and Kohn, Walter},
  journal={Physical review},
  volume={136},
  number={3B},
  pages={B864},
  year={1964},
  publisher={APS},
  doi={10.1103/PhysRev.136.B864}
}
% DFT - Kohn-Sham equations
@article{kohn1965_dft,
  title={Self-consistent equations including exchange and correlation effects},
  author={Kohn, Walter and Sham, Lu Jeu},
  journal={Physical review},
  volume={140},
  number={4A},
  pages={A1133},
  year={1965},
  publisher={APS}
}
% DFT - XC functional - LDA

% DFT - XC functional - GGA

% MOLECULAR DYNAMICS REFERENCE
@book{allen2017_md,
  title={Computer simulation of liquids},
  author={Allen, Michael P and Tildesley, Dominic J},
  year={2017},
  address={Oxford, UK}
  publisher={Oxford university press}
}            
@book{haile1992_md,
  title={Molecular dynamics simulation},
  author={Haile, James M},
  volume={18},
  year={1992},
  address={New York, NY},
  publisher={Wiley-Interscience}
}
@book{frenkel2001_md,
  title={Understanding molecular simulation: from algorithms to applications},
  author={Frenkel, Daan and Smit, Berend},
  volume={1},
  year={2001},
  address={San Diego, CA},
  publisher={Academic Press}
}

% FIRST MD SIMULATION
@article{rahman1964_md,
  title={Correlations in the motion of atoms in liquid argon},
  author={Rahman, A},
  journal={Physical Review},
  volume={136},
  number={2A},
  pages={A405},
  year={1964},
  publisher={APS}
}

% EMBEDDED ATOM METHOD POTENTIALS
@article{daw1984_eam,
  title={Embedded-atom method: Derivation and application to impurities, surfaces, and other defects in metals},
  author={Daw, Murray S and Baskes, Michael I},
  journal={Physical Review B},
  volume={29},
  number={12},
  pages={6443},
  year={1984},
  publisher={APS}
}

% FINNIS SINCLAIR 
@article{finnis1984_fs,
  title={A simple empirical N-body potential for transition metals},
  author={Finnis, MW and Sinclair, JE},
  journal={Philosophical Magazine A},
  volume={50},
  number={1},
  pages={45--55},
  year={1984},
  publisher={Taylor \& Francis}
}

% STILLINGER WEBER
@article{stillinger1985_potential,
  title={Computer simulation of local order in condensed phases of silicon},
  author={Stillinger, Frank H and Weber, Thomas A},
  journal={Physical review B},
  volume={31},
  number={8},
  pages={5262},
  year={1985},
  publisher={APS}
}

% TERSOFF POTENTIAL
@article{tersoff1988_potential,
  title={New empirical approach for the structure and energy of covalent systems},
  author={Tersoff, Jerry},
  journal={Physical Review B},
  volume={37},
  number={12},
  pages={6991},
  year={1988},
  publisher={APS}
}

% REBO
@article{brenner1990_rebo,
  title={Empirical potential for hydrocarbons for use in simulating the chemical vapor deposition of diamond films},
  author={Brenner, Donald W},
  journal={Physical review B},
  volume={42},
  number={15},
  pages={9458},
  year={1990},
  publisher={APS}
}

% REBO2
@article{brenner2002_rebo2,
  title={A second-generation reactive empirical bond order (REBO) potential energy expression for hydrocarbons},
  author={Brenner, Donald W and Shenderova, Olga A and Harrison, Judith A and Stuart, Steven J and Ni, Boris and Sinnott, Susan B},
  journal={Journal of Physics: Condensed Matter},
  volume={14},
  number={4},
  pages={783},
  year={2002},
  publisher={IOP Publishing}
}

% BUCKINGHAM FOR IONIC SOLIDS
@article{lewis1985potential,
  title={Potential models for ionic oxides},
  author={Lewis, GV and Catlow, CRA},
  journal={Journal of Physics C: Solid State Physics},
  volume={18},
  number={6},
  pages={1149},
  year={1985},
  publisher={IOP Publishing}
}

@article{gale1996_buckingham,
  title={Empirical potential derivation for ionic materials},
  author={Gale, Julian D},
  journal={Philosophical Magazine B},
  volume={73},
  number={1},
  pages={3--19},
  year={1996},
  publisher={Taylor \& Francis}
}

% REVIEW ARTICLE ON EAM
@article{daw1993_eam,
    author={Murray S. Daw and Stephen M. Foiles and Michael I. Baskes},
    title={The embedded-atom method: a review of theory and applications},
    journal={Materials Science Reports},
    volume={9},
    number={7},
    pages={251 - 310},
    year={1993},
    doi={10.1016/0920-2307(93)90001-U}
}
% REVIEW ARTICLE ON EAM
@article{foiles2012_eam,
  title={Contributions of the embedded-atom method to materials science and engineering},
  author={Foiles, Stephen M and Baskes, Michael I},
  journal={MRS bulletin},
  volume={37},
  number={5},
  pages={485--491},
  year={2012},
}

% VVUQ TEXTBOOK REFERENCE
@book{oberkampf2010_vvuq,
  title={Verification and validation in scientific computing},
  author={Oberkampf, William L and Roy, Christopher J},
  year={2010},
  address={Cambridge, UK}
  publisher={Cambridge University Press}
}


% UNCERTAINTY IN MATERIALS SIMULATION
@article{chernatynskiy2013_matsim_vvuq,
  title={Uncertainty quantification in multiscale simulation of materials: A prospective},
  author={Chernatynskiy, Aleksandr and Phillpot, Simon R and LeSar, Richard},
  journal={Annual Review of Materials Research},
  volume={43},
  pages={157--182},
  year={2013},
  publisher={Annual Reviews}
}

% FEED FORWARD PARAMETRIC UNCERTAINTY IN MATERIALS SIMULATION
@article{frederiksen2004_md_vvuq,
  title={Bayesian ensemble approach to error estimation of interatomic potentials},
  author={Frederiksen, S{\o}ren L and Jacobsen, Karsten W and Brown, Kevin S and Sethna, James P},
  journal={Physical review letters},
  volume={93},
  number={16},
  pages={165501},
  year={2004},
  publisher={APS}
}

@article{cailliez20_md_uncertainty,
  title={Statistical approaches to forcefield calibration and prediction uncertainty in molecular simulation},
  author={Cailliez, Fabien and Pernot, Pascal},
  journal={The Journal of chemical physics},
  volume={134},
  number={5},
  pages={054124},
  year={2011},
  publisher={AIP}
}
@article{koslowski2011uncertainty,
  title={Uncertainty propagation in a multiscale model of nanocrystalline plasticity},
  author={Koslowski, Marisol and Strachan, Alejandro},
  journal={Reliability Engineering \& System Safety},
  volume={96},
  number={9},
  pages={1161--1170},
  year={2011},
  publisher={Elsevier}
}
@article{zhang2015database,
  title={Database optimization for empirical interatomic potential models},
  author={Zhang, Pinchao and Trinkle, Dallas R},
  journal={Modelling and Simulation in Materials Science and Engineering},
  volume={23},
  number={6},
  pages={065011},
  year={2015},
  publisher={IOP Publishing}
}
@article{angelikopoulos2012bayesian,
  title={Bayesian uncertainty quantification and propagation in molecular dynamics simulations: a high performance computing framework},
  author={Angelikopoulos, Panagiotis and Papadimitriou, Costas and Koumoutsakos, Petros},
  journal={The Journal of chemical physics},
  volume={137},
  number={14},
  pages={144103},
  year={2012},
  publisher={AIP}
}

% FITTING - FORCE MATCHING
@article{ercolessi1994_forcematching,
  title={Interatomic potentials from first-principles calculations: the force-matching method},
  author={Ercolessi, Furio and Adams, James B},
  journal={EPL (Europhysics Letters)},
  volume={26},
  number={8},
  pages={583},
  year={1994},
  publisher={IOP Publishing}
}
MULTIOBJECTIVE OPTIMIZATION THEORY
@book{miettinen2012nonlinear,
  title={Nonlinear multiobjective optimization},
  author={Miettinen, Kaisa},
  volume={12},
  year={2012},
  address={New York},
  publisher={Springer Science \& Business Media}
}

Uncertainty propagation in a multiscale model of nanocrystalline plasticity.
% RANDOM SEARCH
@article{rastrigin1963_rs,
  title={The convergence of the random search method in the extremal control of a many parameter system},
  author={Rastrigin, LA},
  journal={Automaton \& Remote Control},
  volume={24},
  pages={1337--1342},
  year={1963}
}
% RANDOM OPTIMIZATION REFERENCES
@article{matyas1965_ro,
  title={Random optimization},
  author={Matyas, J},
  journal={Automation and Remote control},
  volume={26},
  number={2},
  pages={246--253},
  year={1965}
}

% SIMULATED ANNEALING
@article{kirkpatrick1983_sa,
  title={Optimization by simulated annealing},
  author={Kirkpatrick, Scott and Gelatt, C Daniel and Vecchi, Mario P},
  journal={science},
  volume={220},
  number={4598},
  pages={671--680},
  year={1983},
  publisher={American Association for the Advancement of Science}
}

% TABU SEARCH

@article{glover1986_tabu,
    title = "Future paths for integer programming and links to artificial intelligence",
    journal = "Computers & Operations Research",
    volume = "13",
    number = "5",
    pages = "533 - 549",
    year = "1986",
    note = "Applications of Integer Programming",
    issn = "0305-0548",
    doi = "https://doi.org/10.1016/0305-0548(86)90048-1",
    url = "http://www.sciencedirect.com/science/article/pii/0305054886900481",
    author = "Fred Glover"
}

@article{glover1989_tabu1,
    title={Tabu search—part I},
    author={Glover, Fred},
    journal={ORSA Journal on computing},
    volume={1},
    number={3},
    pages={190--206},
    year={1989},
    publisher={INFORMS}
}

@article{glover1990_tabu2,
  title={Tabu search—part II},
  author={Glover, Fred},
  journal={ORSA Journal on computing},
  volume={2},
  number={1},
  pages={4--32},
  year={1990},
  publisher={INFORMS}
}
% BAYESIAN OPTIMIZATION
@book{mockus2012_bayesianoptimization,
  title={Bayesian approach to global optimization: theory and applications},
  author={Mockus, Jonas},
  volume={37},
  year={2012},
  publisher={Springer Science \& Business Media}
}
@inproceedings{movckus1975_bayesianoptimization,
  title={On Bayesian methods for seeking the extremum},
  author={Mockus, J},
  booktitle={Optimization Techniques IFIP Technical Conference},
  pages={400--404},
  year={1975},
  organization={Springer}
}
@incollection{mockus1989_bayesoptimizaiton,
  title={The Bayesian approach to local optimization},
  author={Mockus, Jonas},
  booktitle={Bayesian Approach to Global Optimization},
  pages={125--156},
  year={1989},
  publisher={Springer}
}
% MULTISTART

@article{glover1977heuristics,
  title={Heuristics for integer programming using surrogate constraints},
  author={Glover, Fred},
  journal={Decision sciences},
  volume={8},
  number={1},
  pages={156--166},
  year={1977},
  publisher={Wiley Online Library}
}

% ANALYTIC HIERARCHY PROCESS
@book{saaty198_ahp,
    title={The Analytic Hierachy Process},
    author={Saaty, Thomas L.},
    year={1980},
    address={New York},
    publisher={McGraw-Hill},

}
@article{saaty1987_ahp,
  title={The analytic hierarchy process—what it is and how it is used},
  author={Saaty, Roseanna W},
  journal={Mathematical modelling},
  volume={9},
  number={3-5},
  pages={161--176},
  year={1987},
  publisher={Elsevier}
}

@article{saaty1990_ahp,
  title={How to make a decision: the analytic hierarchy process},
  author={Saaty, Thomas L},
  journal={European journal of operational research},
  volume={48},
  number={1},
  pages={9--26},
  year={1990},
  publisher={Elsevier}
}

% GENETIC ALGORITHMS
@book{holland1992_ga,
  title={Adaptation in natural and artificial systems: an introductory analysis with applications to biology, control, and artificial intelligence},
  author={Holland, John Henry},
  year={1992},
  publisher={MIT press}
}

% PCA REFERENCES

@article{pearson1901_pca,
    author = {Karl Pearson F.R.S. },
    title = {On lines and planes of closest fit to systems of points in space},
    journal = {The London, Edinburgh, and Dublin Philosophical Magazine and Journal of Science},
    volume = {2},
    number = {11},
    pages = {559-572},
    year  = {1901},
    publisher = {Taylor & Francis},
    doi = {10.1080/14786440109462720},
    URL = {https://doi.org/10.1080/14786440109462720},
    eprint = {https://doi.org/10.1080/14786440109462720}
}
@article{hotelling1936_pca,
    ISSN = {00063444},
    URL = {http://www.jstor.org/stable/2333955},
    author = {Harold Hotelling},
    journal = {Biometrika},
    number = {3/4},
    pages = {321--377},
    publisher = {[Oxford University Press, Biometrika Trust]},
    title = {Relations Between Two Sets of Variates},
    volume = {28},
    year = {1936}
}
@article{abdi2010_pca_scaling,
    author = {Abdi, HervÃ© and Williams, Lynne J.},
    title = {Principal component analysis},
    journal = {Wiley Interdisciplinary Reviews: Computational Statistics},
    volume = {2},
    number = {4},
    pages = {433-459},
    year = {2010}
    doi = {10.1002/wics.101},
    url = {https://onlinelibrary.wiley.com/doi/abs/10.1002/wics.101},
}

% MgO Thermal Expansion
@book{ho1998_thermal,
  title={Thermal expansion of solids},
  author={Ho, Cho Yen and Taylor, Richard Erwin},
  volume={4},
  year={1998},
  address = {Materials Park, OH}
  publisher={ASM international}
}


