@phdthesis{voogd1982_multicriteria,
title = "Multicriteria evaluation for urban and regional planning",
author = "J.H. Voogd",
year = "1982",
doi = "10.6100/IR102252",
language = "English",
isbn = "90-6562-016-8",
publisher = "Delftsche Uitgevers Maatschappij",
school = "THE : Department of Architecture, Building and Planning",
}
