@article{chandran2011_Ni_sf,
title={First-principle calculation of stacking fault energies in Ni and Ni-Co alloy},
author={Chandran, Mahesh and Sondhi, SK},
journal={Journal of Applied Physics},
volume={109},
number={10},
pages={103525},
year={2011},
publisher={AIP}
}
