@book{sands1969_book,
title={Introduction to crystallography},
author={Sands, Donald E},
year={1969},
publisher={Courier Corporation}
}
