@book{sands1969_book_crystals,
title={Introduction to crystallography},
author={Sands, Donald E},
year={1969},
publisher={Courier Corporation}
}
@book{sands2002_book_crystals_2,
title={Vectors and tensors in crystallography},
author={Sands, Donald E},
year={2002},
publisher={Courier Corporation}
}
@book{hammond2001_book_crystal,
title={Basics of crystallography and diffraction},
author={Hammond, Christopher and Hammond, Christopher},
volume={214},
year={2001},
publisher={Oxford}
}
@book{giacovazzo2002_book_crystal,
title={Fundamentals of crystallography},
author={Giacovazzo, Carmelo},
volume={7},
year={2002},
publisher={Oxford university press, USA}
}
