@book{lee2016_book_comp_mse,
title={Computational materials science: an introduction},
author={Lee, June Gunn},
year={2016},
publisher={CRC press}
}
