@article{angelo_1995_eam__Ni_Al_H,
  author={J E Angelo and N R Moody and M I Baskes},
  title={Trapping of hydrogen to lattice defects in nickel},
  journal={Modelling and Simulation in Materials Science and Engineering},
  volume={3},
  number={3},
  pages={289},
  url={http://stacks.iop.org/0965-0393/3/i=3/a=001},
  year={1995}
}
	
@article{angelo_1995_eam__Ni_Al_H__correction,
  author={M I Baskes and Xianwei Sha and J E Angelo and N R Moody},
  title={Trapping of hydrogen to lattice defects in nickel},
  journal={Modelling and Simulation in Materials Science and Engineering},
  volume={5},
  number={6},
  pages={651},
  url={http://stacks.iop.org/0965-0393/5/i=6/a=007},
  year={1997}
}

