@article{mittendorfer1999structural,
title={Structural, electronic and magnetic properties of nickel surfaces},
author={Mittendorfer, F and Eichler, A and Hafner, J},
journal={Surface science},
volume={423},
number={1},
pages={1--11},
year={1999},
publisher={Elsevier}
}

