
@article{sun2013_surface_slabs,
title={Efficient creation and convergence of surface slabs},
author={Sun, Wenhao and Ceder, Gerbrand},
journal={Surface Science},
volume={617},
pages={53--59},
year={2013},
publisher={Elsevier}
}
