@article{tran2016_surface,
title={Surface energies of elemental crystals},
author={Tran, Richard and Xu, Zihan and Balachandran Radhakrishnan, Donald Winston and Sun, Wenhao and Persson, Kristin A and Ong, Shyue Ping},
journal={Scientific data},
volume={3},
year={2016},
publisher={Nature Publishing Group}
}
@article{vitos1998surface,
title={The surface energy of metals},
author={Vitos, Levente and Ruban, AV and Skriver, Hans Lomholt and Kollar, J},
journal={Surface Science},
volume={411},
number={1},
pages={186--202},
year={1998},
publisher={Elsevier}
}
@article{wan1999surface,
title={Surface relaxation and stress of fcc metals: Cu, Ag, Au, Ni, Pd, Pt, Al and Pb},
author={Wan, Jun and Fan, YL and Gong, DW and Shen, SG and Fan, XQ},
journal={Modelling and Simulation in Materials Science and Engineering},
volume={7},
number={2},
pages={189},
year={1999},
publisher={IOP Publishing}
}
@article{evans2001rotations,
title={Rotations and rotation matrices},
author={Evans, Philip R},
journal={Acta Crystallographica Section D: Biological Crystallography},
volume={57},
number={10},
pages={1355--1359},
year={2001},
publisher={International Union of Crystallography}
}
