@article{keating1966_si_pot,
title={Effect of invariance requirements on the elastic strain energy of crystals with application to the diamond structure},
author={Keating, PN},
journal={Physical Review},
volume={145},
number={2},
pages={637},
year={1966},
publisher={APS}
}

@article{stillinger1985_si_pot,
title={Computer simulation of local order in condensed phases of silicon},
author={Stillinger, Frank H and Weber, Thomas A},
journal={Physical review B},
volume={31},
number={8},
pages={5262},
year={1985},
publisher={APS}
}
@article{tersoff1986_si_pot,
title={New empirical model for the structural properties of silicon},
author={Tersoff, J},
journal={Physical review letters},
volume={56},
number={6},
pages={632},
year={1986},
publisher={APS}
}
@article{tersoff1988_si_pot,
title={Empirical interatomic potential for silicon with improved elastic properties},
author={Tersoff, J},
journal={Physical Review B},
volume={38},
number={14},
pages={9902},
year={1988},
publisher={APS}
}
@article{baskes1989_si_ge_eam_pot,
    title={Semiempirical modified embedded-atom potentials for silicon and germanium},
    author={Baskes, MI and Nelson, JS and Wright, AF},
    journal={Physical Review B},
    volume={40},
    number={9},
    pages={6085},
    year={1989},
    publisher={APS}
}
@article{chelikowsky1989_si_pot,
    title={Surface and thermodynamic interatomic force fields for silicon clusters and bulk phases},
    author={Chelikowsky, James R and Phillips, JC and Kamal, M and Strauss, M},
    journal={Physical review letters},
    volume={62},
    number={3},
    pages={292},
    year={1989},
    publisher={APS}
}

@article{biswas1986_si_pot,
    title={Simulated annealing of silicon atom clusters in Langevin molecular dynamics},
    author={Biswas, R and Hamann, DR},
    journal={Physical Review B},
    volume={34},
    number={2},
    pages={895},
    year={1986},
    publisher={APS}
}

@article{bazant1996modeling,
    title={Modeling of covalent bonding in solids by inversion of cohesive energy curves},
    author={Bazant, Martin Z and Kaxiras, Efthimios},
    journal={Physical review letters},
    volume={77},
    number={21},
    pages={4370},
    year={1996},
    publisher={APS}
}

@article{bazant1997_si_pot,
    title={Environment-dependent interatomic potential for bulk silicon},
    author={Bazant, Martin Z and Kaxiras, Efthimios and Justo, Joao F},
    journal={Physical Review B},
    volume={56},
    number={14},
    pages={8542},
    year={1997},
    publisher={APS}
}
@article{justo1998_si_pot,
    title={Interatomic potential for silicon defects and disordered phases},
    author={Justo, Joao F and Bazant, Martin Z and Kaxiras, Efthimios and Bulatov, Vasily V and Yip, Sidney},
    journal={Physical review B},
    volume={58},
    number={5},
    pages={2539},
    year={1998},
    publisher={APS}
}
@article{vink2001_si_pot,
  title={Fitting the Stillinger--Weber potential to amorphous silicon},
  author={Vink, RLC and Barkema, GT and Van der Weg, WF and Mousseau, Normand},
  journal={Journal of non-crystalline solids},
  volume={282},
  number={2-3},
  pages={248--255},
  year={2001},
  publisher={Elsevier},
  url={https://doi.org/10.1016/S0022-3093(01)00342-8},
  doi={10.1016/S0022-3093(01)00342-8}
}
