@article{allen2004_intro_md,
title={Introduction to molecular dynamics simulation},
author={Allen, Michael P and others},
journal={Computational soft matter: from synthetic polymers to proteins},
volume={23},
pages={1--28},
year={2004},
publisher={NIC Series}
}
